% This file was created with JabRef 2.10.
% Encoding: UTF8


@InProceedings{adams2009archipelago,
  Title                    = {Archipelago: nonparametric Bayesian semi-supervised learning},
  Author                   = {Adams, Ryan Prescott and Ghahramani, Zoubin},
  Booktitle                = {Proceedings of the 26th Annual International Conference on Machine Learning},
  Year                     = {2009},
  Organization             = {ACM},
  Pages                    = {1--8},

  Owner                    = {zerocolar},
  Timestamp                = {2014.10.07}
}

@InProceedings{andrews2002support,
  Title                    = {Support vector machines for multiple-instance learning},
  Author                   = {Andrews, Stuart and Tsochantaridis, Ioannis and Hofmann, Thomas},
  Booktitle                = {Advances in neural information processing systems},
  Year                     = {2002},
  Pages                    = {561--568},

  Owner                    = {zerocolar},
  Timestamp                = {2014.10.06}
}

@Book{bishop2006pattern,
  Title                    = {Pattern recognition and machine learning},
  Author                   = {Bishop, Christopher M and others},
  Publisher                = {springer New York},
  Year                     = {2006},
  Volume                   = {1},

  Owner                    = {zerocolar},
  Timestamp                = {2014.11.13}
}

@Article{cohn1994improving,
  Title                    = {Improving generalization with active learning},
  Author                   = {Cohn, David and Atlas, Les and Ladner, Richard},
  Journal                  = {Machine learning},
  Year                     = {1994},
  Number                   = {2},
  Pages                    = {201--221},
  Volume                   = {15},

  Owner                    = {zerocolar},
  Publisher                = {Springer},
  Timestamp                = {2014.10.06}
}

@InProceedings{dasgupta2008hierarchical,
  Title                    = {Hierarchical sampling for active learning},
  Author                   = {Dasgupta, Sanjoy and Hsu, Daniel},
  Booktitle                = {Proceedings of the 25th international conference on Machine learning},
  Year                     = {2008},
  Organization             = {ACM},
  Pages                    = {208--215},

  Owner                    = {zerocolar},
  Timestamp                = {2014.10.06}
}

@InCollection{dietterich2000ensemble,
  Title                    = {Ensemble methods in machine learning},
  Author                   = {Dietterich, Thomas G},
  Booktitle                = {Multiple classifier systems},
  Publisher                = {Springer},
  Year                     = {2000},
  Pages                    = {1--15},

  Owner                    = {zerocolar},
  Timestamp                = {2014.11.09}
}

@InProceedings{druck2009active,
  Title                    = {Active learning by labeling features},
  Author                   = {Druck, Gregory and Settles, Burr and McCallum, Andrew},
  Booktitle                = {Proceedings of the 2009 Conference on Empirical Methods in Natural Language Processing: Volume 1-Volume 1},
  Year                     = {2009},
  Organization             = {Association for Computational Linguistics},
  Pages                    = {81--90},

  Owner                    = {zerocolar},
  Timestamp                = {2014.10.07}
}

@Article{escobar1995bayesian,
  Title                    = {Bayesian density estimation and inference using mixtures},
  Author                   = {Escobar, Michael D and West, Mike},
  Journal                  = {Journal of the american statistical association},
  Year                     = {1995},
  Number                   = {430},
  Pages                    = {577--588},
  Volume                   = {90},

  Owner                    = {zerocolar},
  Publisher                = {Taylor \& Francis},
  Timestamp                = {2014.10.07}
}

@Article{gershman2012tutorial,
  Title                    = {A tutorial on Bayesian nonparametric models},
  Author                   = {Gershman, Samuel J and Blei, David M},
  Journal                  = {Journal of Mathematical Psychology},
  Year                     = {2012},
  Number                   = {1},
  Pages                    = {1--12},
  Volume                   = {56},

  Owner                    = {zerocolar},
  Publisher                = {Elsevier},
  Timestamp                = {2014.10.06}
}

@Article{ghosal1999posterior,
  Title                    = {Posterior consistency of Dirichlet mixtures in density estimation},
  Author                   = {Ghosal, Subhashis and Ghosh, Jayanta K and Ramamoorthi, RV},
  Journal                  = {Annals of Statistics},
  Year                     = {1999},
  Number                   = {1},
  Pages                    = {143--158},
  Volume                   = {27},

  Owner                    = {zerocolar},
  Publisher                = {Institute of Mathematical Statistics},
  Timestamp                = {2014.11.13}
}

@Book{ghosh1982nonparametric,
  Title                    = {Nonparametric and semiparametric Bayesian reliability analysis},
  Author                   = {Ghosh, Kaushik and Tiwari, Ram C},
  Publisher                = {Wiley Online Library},
  Year                     = {1982},

  Owner                    = {zerocolar},
  Timestamp                = {2014.11.13}
}

@Book{ghosh1982nonparametric,
  Title                    = {Nonparametric and semiparametric Bayesian reliability analysis},
  Author                   = {Ghosh, Kaushik and Tiwari, Ram C},
  Publisher                = {Wiley Online Library},
  Year                     = {1982},

  Owner                    = {zerocolar},
  Timestamp                = {2014.10.06}
}

@Article{hjort2010bayesian,
  Title                    = {Bayesian nonparametrics},
  Author                   = {Hjort, Nils Lid and Holmes, CC and M{\"u}ller, Peter and Walker, Stephen GGhosh, Kaushik, and Ram C. Tiwari. Nonparametric and semiparametric Bayesian reliability analysis. John Wiley \& Sons, Ltd, 1982.},
  Journal                  = {AMC},
  Year                     = {2010},
  Pages                    = {12},
  Volume                   = {10},

  Owner                    = {zerocolar},
  Timestamp                = {2014.10.06}
}

@Book{hollander2013nonparametric,
  Title                    = {Nonparametric statistical methods},
  Author                   = {Hollander, Myles and Wolfe, Douglas A and Chicken, Eric},
  Publisher                = {John Wiley \& Sons},
  Year                     = {2013},
  Volume                   = {751},

  Owner                    = {zerocolar},
  Timestamp                = {2014.11.13}
}

@Article{houlsby2011bayesian,
  Title                    = {Bayesian active learning for classification and preference learning},
  Author                   = {Houlsby, Neil and Husz{\'a}r, Ferenc and Ghahramani, Zoubin and Lengyel, M{\'a}t{\'e}},
  Journal                  = {arXiv preprint arXiv:1112.5745},
  Year                     = {2011},

  Owner                    = {zerocolar},
  Timestamp                = {2014.10.06}
}

@InProceedings{huang2010active,
  Title                    = {Active learning by querying informative and representative examples},
  Author                   = {Huang, Sheng-Jun and Jin, Rong and Zhou, Zhi-Hua},
  Booktitle                = {Advances in neural information processing systems},
  Year                     = {2010},
  Pages                    = {892--900},

  Owner                    = {zerocolar},
  Timestamp                = {2014.10.06}
}

@Article{lo1984class,
  Title                    = {On a class of Bayesian nonparametric estimates: I. Density estimates},
  Author                   = {Lo, Albert Y and others},
  Journal                  = {The annals of statistics},
  Year                     = {1984},
  Number                   = {1},
  Pages                    = {351--357},
  Volume                   = {12},

  Owner                    = {zerocolar},
  Publisher                = {Institute of Mathematical Statistics},
  Timestamp                = {2014.11.13}
}

@Article{muller2004nonparametric,
  Title                    = {Nonparametric Bayesian data analysis},
  Author                   = {M{\"u}ller, Peter and Quintana, Fernando A},
  Journal                  = {Statistical science},
  Year                     = {2004},
  Pages                    = {95--110},

  Owner                    = {zerocolar},
  Publisher                = {JSTOR},
  Timestamp                = {2014.10.06}
}

@Article{mcafee2012big,
  Title                    = {Big Data},
  Author                   = {McAfee, Andrew and Brynjolfsson, Erik and Davenport, Thomas H and Patil, DJ and Barton, Dominic},
  Journal                  = {The management revolution. Harvard Bus Rev},
  Year                     = {2012},
  Number                   = {10},
  Pages                    = {61--67},
  Volume                   = {90},

  Owner                    = {zerocolar},
  Timestamp                = {2014.11.13}
}

@Article{mehta1960density,
  Title                    = {On the density of eigenvalues of a random matrix},
  Author                   = {Mehta, Madan Lal and Gaudin, Michel},
  Journal                  = {Nuclear Physics},
  Year                     = {1960},
  Pages                    = {420--427},
  Volume                   = {18},

  Owner                    = {zerocolar},
  Publisher                = {Elsevier},
  Timestamp                = {2014.10.07}
}

@Book{meyers1993promoting,
  Title                    = {Promoting Active Learning. Strategies for the College Classroom.},
  Author                   = {Meyers, Chet and Jones, Thomas B},
  Publisher                = {ERIC},
  Year                     = {1993},

  Owner                    = {zerocolar},
  Timestamp                = {2014.10.06}
}

@Article{Prince2004,
  Title                    = {Does active learning work? A review of the research},
  Author                   = {Prince, Michael},
  Journal                  = {Journal of engineering education},
  Year                     = {2004},
  Number                   = {3},
  Pages                    = {223--231},
  Volume                   = {93},

  __markedentry            = {[zerocolar:6]},
  Owner                    = {zerocolar},
  Publisher                = {Wiley Online Library},
  Timestamp                = {2014.10.06},
  Url                      = {http://onlinelibrary.wiley.com/doi/10.1002/j.2168-9830.2004.tb00809.x/abstract}
}

@Article{rasmussen2006gaussian,
  Title                    = {Gaussian processes for machine learning},
  Author                   = {Rasmussen, Carl Edward},
  Year                     = {2006},

  Owner                    = {zerocolar},
  Publisher                = {Citeseer},
  Timestamp                = {2014.10.07}
}

@Article{Settles2010,
  Title                    = {Active learning literature survey},
  Author                   = {Settles, Burr},
  Journal                  = {University of Wisconsin, Madison},
  Year                     = {2010},
  Pages                    = {55--66},
  Volume                   = {52},

  __markedentry            = {[zerocolar:6]},
  Owner                    = {zerocolar},
  Timestamp                = {2014.10.06}
}

@InProceedings{sindhwani2007relational,
  Title                    = {Relational learning with gaussian processes},
  Author                   = {Sindhwani, Wei Chu Vikas and Ghahramani, Zoubin and Keerthi, S Sathiya},
  Booktitle                = {Advances in Neural Information Processing Systems 19: Proceedings of the 2006 Conference},
  Year                     = {2007},
  Organization             = {MIT Press},
  Pages                    = {289},
  Volume                   = {19},

  Owner                    = {zerocolar},
  Timestamp                = {2014.10.07}
}

@Article{tong2002support,
  Title                    = {Support vector machine active learning with applications to text classification},
  Author                   = {Tong, Simon and Koller, Daphne},
  Journal                  = {The Journal of Machine Learning Research},
  Year                     = {2002},
  Pages                    = {45--66},
  Volume                   = {2},

  Owner                    = {zerocolar},
  Publisher                = {JMLR. org},
  Timestamp                = {2014.10.06}
}

@Book{vapnik1998statistical,
  Title                    = {Statistical learning theory},
  Author                   = {Vapnik, Vladimir Naumovich and Vapnik, Vlamimir},
  Publisher                = {Wiley New York},
  Year                     = {1998},
  Volume                   = {2},

  Owner                    = {zerocolar},
  Timestamp                = {2014.11.09}
}

@Article{walker1999bayesian,
  Title                    = {Bayesian nonparametric inference for random distributions and related functions},
  Author                   = {Walker, Stephen G and Damien, Paul and Laud, Purushottam W and Smith, Adrian FM},
  Journal                  = {Journal of the Royal Statistical Society: Series B (Statistical Methodology)},
  Year                     = {1999},
  Number                   = {3},
  Pages                    = {485--527},
  Volume                   = {61},

  Owner                    = {zerocolar},
  Publisher                = {Wiley Online Library},
  Timestamp                = {2014.10.06}
}

@InProceedings{zhang2011close,
  Title                    = {Close the loop: Joint blind image restoration and recognition with sparse representation prior},
  Author                   = {Zhang, Haichao and Yang, Jianchao and Zhang, Yanning and Nasrabadi, Nasser M and Huang, Thomas S},
  Booktitle                = {Computer Vision (ICCV), 2011 IEEE International Conference on},
  Year                     = {2011},
  Organization             = {IEEE},
  Pages                    = {770--777},

  Owner                    = {zerocolar},
  Timestamp                = {2014.11.13}
}

